@article{petersen1900,
author = {Julius Petersen},
title = {{Die Theorie der regulären graphs}},
volume = {15},
journal = {Acta Mathematica},
number = {},
publisher = {Institut Mittag-Leffler},
pages = {193 -- 220},
year = {1900},
removeDOI = {10.1007/BF02392606}
}

@article{tutte1952,
  title={The Factors of Graphs},
  author={William T. Tutte},
  journal={Canadian Journal of Mathematics},
  year={1952},
  volume={4},
  pages={314 - 328}
}

@article{Ha55,
author = {Havel, Václav},
journal = {Časopis pro pěstování matematiky},
keywords = {graph theory},
language = {Czech},
number = {4},
pages = {477-480},
publisher = {Mathematical Institute of the Czechoslovak Academy of Sciences},
title = {Poznámka o existenci konečných grafů},
volume = {080},
year = {1955},
}

@article{erdos60,
author = {Paul Erdős and Tibor Gallai},
title = {Gráfok előírt fokszámú pontokkal},
language = {Hungarian},
journal = {Matematikai Lapok},
volume = {11},
pages = {264–274},
year = {1960}
}

@article {Ha62,
    AUTHOR = {Hakimi, S. L.},
     TITLE = {On realizability of a set of integers as degrees of the
              vertices of a linear graph. {I}},
   JOURNAL = {J. Soc. Indust. Appl. Math.},
  FJOURNAL = {Journal of the Society for Industrial and Applied Mathematics},
    VOLUME = {10},
      YEAR = {1962},
     PAGES = {496--506},
      ISSN = {0368-4245},
   MRCLASS = {05.40 (55.10)},
  MRNUMBER = {148049},
}

@article{harary1969graph,
  title={Graph theory addison-wesley reading ma usa},
  author={Harary, F},
  journal={47-50 HARTIGAN, JA: Clustering Algorithm.},
  pages={1975},
  year={1969}
}

@Article{Lovasz70,
  author    = {Lovász, László},
  journal   = {Journal of Combinatorial Theory},
  title     = {Subgraphs with prescribed valencies},
  year      = {1970},
  issn      = {0021-9800},
  month     = jun,
  number    = {4},
  pages     = {391--416},
  volume    = {8},
  removeDOI       = {10.1016/s0021-9800(70)80033-3},
  publisher = {Elsevier BV},
}

@book{berge1973graphs,
  title={Graphs and Hypergraphs},
  author={Berge, C and Minieka, E},
  year={1973},
  publisher={North-Holland Publishing Company}
}

@article{KOREN1976235,
title = {Sequences with a unique realization by simple graphs},
journal = {Journal of Combinatorial Theory, Series B},
volume = {21},
number = {3},
pages = {235-244},
year = {1976},
issn = {0095-8956},
removeDOI = {10.1016/S0095-8956(76)80007-X},
author = {Michael Koren},
abstract = {Sequences with unique realizations (up to isomorphism) by simple graphs are characterized, partly by reduction to the case of pairs of sequences, which have a unique realization by bipartite graphs (see Theorem 6.1).}
}

@book{Ga79,
  title     = "{Computers and Intractability: A Guide to the Theory of NP-Completeness}",
  author    = "Garey, Michael R and Johnson, David S",
  publisher = "W.H. Freeman",
  month     =  apr,
  year      =  1979,
  address   = "New York, NY"
}

@article{hammer1981splittance,
  title={The splittance of a graph},
  author={Hammer, Peter L and Simeone, Bruno},
  journal={Combinatorica},
  volume={1},
  pages={275--284},
  year={1981},
  publisher={Springer}
}


@article{Ans85,
title = {An algorithmic proof of Tutte's f-factor theorem},
journal = {Journal of Algorithms},
volume = {6},
number = {1},
pages = {112-131},
year = {1985},
issn = {0196-6774},
removeDOI = {10.1016/0196-6774(85)90022-7},
author = {R.P Anstee}
}

@article{akiyama1985,
author = {Akiyama, Jin and Kano, Mikio},
title = {Factors and factorizations of graphs—a survey},
journal = {Journal of Graph Theory},
volume = {9},
number = {1},
pages = {1-42},
removeDOI = {10.1002/jgt.3190090103},
year = {1985}
}

@article{choudum1986simple,
  title={A simple proof of the Erdos-Gallai theorem on graph sequences},
  author={Choudum, Sheshayya A},
  journal={Bulletin of the Australian Mathematical Society},
  volume={33},
  number={1},
  pages={67--70},
  year={1986},
  publisher={Cambridge University Press}
}

@article{chernyak1987forcibly,
  title={On forcibly hereditary p-graphical sequences},
  author={Chernyak, Arkady A and Chernyak, Zh A and Tyshkevich, Regina I},
  journal={Discrete mathematics},
  volume={64},
  number={2-3},
  pages={111--128},
  year={1987},
  publisher={North-Holland}
}

@book{Ai88,
author = {Aigner, Martin},
title = {Combinatorial search},
year = {1988},
isbn = {0471921424},
publisher = {John Wiley \& Sons, Inc.},
address = {USA}
}

@article{aigner1994realizability,
  title={Realizability and uniqueness in graphs},
  author={Aigner, Martin and Triesch, Eberhard},
  journal={Discrete Mathematics},
  volume={136},
  number={1-3},
  pages={3--20},
  year={1994},
  publisher={Elsevier}
}

@article{Vlad98,
title = {Reconstructing a Hamiltonian cycle by querying the graph: Application to DNA physical mapping},
journal = {Discrete Applied Mathematics},
volume = {88},
number = {1},
pages = {147-165},
year = {1998},
note = {Computational Molecular Biology DAM - CMB Series},
issn = {0166-218X},
removeDOI = {10.1016/S0166-218X(98)00070-5},
author = {Vladimir Grebinski and Gregory Kucherov},
}

@book{Du00,
  title={Combinatorial Group Testing and Its Applications},
  author={Du, D. and Hwang, F.},
  isbn={9789810241070},
  lccn={99048251},
  series={Applied Mathematics},
  year={2000},
  publisher={World Scientific}
}

@incollection{Aa05,
title = {Submodular Function Minimization},
editor = {K. Aardal and G.L. Nemhauser and R. Weismantel},
series = {Handbooks in Operations Research and Management Science},
publisher = {Elsevier},
volume = {12},
pages = {321-391},
year = {2005},
booktitle = {Discrete Optimization},
issn = {0927-0507},
removeDOI = {10.1016/S0927-0507(05)12007-6},
author = {S. Thomas McCormick}
}


@inproceedings{rao2006survey,
  title={A survey of the theory of potentially P-graphic and forcibly P-graphic degree sequences},
  author={Rao, Siddani Bhaskara},
  booktitle={Combinatorics and Graph Theory: Proceedings of the Symposium Held at Calcutta, February 25--29, 1980},
  pages={417--440},
  year={2006},
  organization={Springer}
}

@article{gupta2007graphic,
  title={Graphic sequences of trees and a problem of Frobenius},
  author={Gupta, Gautam and Joshi, Puneet and Tripathi, Amitabha},
  journal={Czechoslovak Mathematical Journal},
  volume={57},
  pages={49--52},
  year={2007},
  publisher={Springer}
}

@article{plummer2007,
author = {Michael D. Plummer},
title = {Graph factors and factorization: 1985–2003: A survey},
journal = {Discrete Mathematics},
volume = {307},
number = {7},
pages = {791-821},
year = {2007},
note = {Cycles and Colourings 2003},
issn = {0012-365X},
removeDOI = {10.1016/j.disc.2005.11.059},
keywords = {Factor, Factorization, Matching}
}

@article{tripathi2008simple,
  title={A simple criterion on degree sequences of graphs},
  author={Tripathi, Amitabha and Tyagi, Himanshu},
  journal={Discrete Applied Mathematics},
  volume={156},
  number={18},
  pages={3513--3517},
  year={2008},
  publisher={Elsevier}
}

@article{tripathi2010short,
  title={A short constructive proof of the Erd{\H{o}}s--Gallai characterization of graphic lists},
  author={Tripathi, Amitabha and Venugopalan, Sushmita and West, Douglas B},
  journal={Discrete mathematics},
  volume={310},
  number={4},
  pages={843--844},
  year={2010},
  publisher={Elsevier}
}

@inproceedings{Iv12,
  title={Degree sequences of multigraphs},
  author={Iv{\'a}nyi, Antal},
  booktitle={Annales Univ. Sci. Budapest., Sec. Comp.},
  volume={37},
  pages={195--214},
  year={2012},
  organization={ELTE}
}

@article{pak2013constructing,
  title={Constructing uniquely realizable graphs},
  author={Pak, Igor and Vilenchik, Dan},
  journal={Discrete \& Computational Geometry},
  volume={50},
  number={4},
  pages={1051--1071},
  year={2013},
  publisher={Springer}
}

@article{chat2014recognition,
  title={Recognition of split-graphic sequences},
  author={Chat, Bilal A and Pirzada, Shariefudddin and Iv{\'a}nyi, Antal},
  journal={Acta Universitatis Sapientiae, Informatica},
  volume={6},
  number={2},
  pages={252--286},
  year={2014}
}



@article{burstein2017sufficient,
  title={Sufficient conditions for graphicality of bidegree sequences},
  author={Burstein, David and Rubin, Jonathan},
  journal={SIAM Journal on Discrete Mathematics},
  volume={31},
  number={1},
  pages={50--62},
  year={2017},
  publisher={SIAM}
}


@article{erdos17,
  title = {Graph Realizations Constrained by Skeleton Graphs},
  volume = {24},
  ISSN = {1077-8926},
  number = {2},
  journal = {The Electronic Journal of Combinatorics},
  publisher = {The Electronic Journal of Combinatorics},
  author = {Erdős,  Péter L. and Hartke,  Stephen G. and Van Iersel,  Leo and Miklós,  István},
  year = {2017},
  month = jun 
}


@article{erdos2018,
   title={Not all simple looking degree sequence problems are easy},
   volume={9},
   ISSN={2150-959X},
   number={3},
   journal={Journal of Combinatorics},
   publisher={International Press of Boston},
   author={Erdős, Péter L. and Miklós, István},
   year={2018},
   pages={553–566}
}

@article{bar2020vertex,
  title={Vertex-weighted realizations of graphs},
  author={Bar-Noy, Amotz and Peleg, David and Rawitz, Dror},
  journal={Theoretical Computer Science},
  volume={807},
  pages={56--72},
  year={2020},
  publisher={Elsevier}
}


@phdthesis{Go21,
author = {Gordon, Hoi Chi Kit},
advisor = {Frank, Stephan,},
title = {Measures and Algorithms for the Exact Satisfiability Problem and its Variants},
year = {2021},
isbn = {9798352684610},
publisher = {National University of Singapore (Singapore)},
note = {AAI29352871}
}

@inproceedings{bar2022realizing,
  title={On realizing a single degree sequence by a bipartite graph},
  author={Bar-Noy, Amotz and B{\"o}hnlein, Toni and Peleg, David and Rawitz, Dror},
  booktitle={SWAT 2022},
  year={2022}
}

@article{bar2022vertex,
  title={On vertex-weighted realizations of acyclic and general graphs},
  author={Bar-Noy, Amotz and B{\"o}hnlein, Toni and Peleg, David and Rawitz, Dror},
  journal={Theoretical Computer Science},
  volume={922},
  pages={81--95},
  year={2022},
  publisher={Elsevier}
}


@INPROCEEDINGS{Ap22,
  author={Apers, Simon and Efron, Yuval and Gawrychowski, Paweł and Lee, Troy and Mukhopadhyay, Sagnik and Nanongkai, Danupon},
  booktitle={FOCS 2022}, 
  title={Cut Query Algorithms with Star Contraction}, 
  year={2022},
  volume={},
  number={},
  pages={507-518},
  removeDOI={10.1109/FOCS54457.2022.00055}
}

@InProceedings{Li24,
  title = 	 {Learning Spanning Forests Optimally in Weighted Undirected Graphs with CUT queries},
  author =       {Liao, Hang and Chakrabarty, Deeparnab},
  booktitle = 	 {Proceedings of The 35th International Conference on Algorithmic Learning Theory},
  pages = 	 {785--807},
  year = 	 {2024},
  editor = 	 {Vernade, Claire and Hsu, Daniel},
  volume = 	 {237},
  series = 	 {Proceedings of Machine Learning Research},
  REMOVEmonth = 	 {25--28 Feb},
  publisher =    {PMLR}
}

